<record><leader>00000cas a22000007a 4500</leader><controlfield tag="001">13803420</controlfield><controlfield tag="008">860630c19849999utuwr ne      0    0eng d</controlfield><datafield ind1=" " ind2=" " tag="010"><subfield code="a">sn 86091393 </subfield></datafield><datafield ind1=" " ind2=" " tag="040"><subfield code="a">UNP</subfield><subfield code="b">eng</subfield><subfield code="c">UNP</subfield><subfield code="d">OCLCQ</subfield></datafield><datafield ind1=" " ind2=" " tag="042"><subfield code="a">msc</subfield></datafield><datafield ind1="0" ind2="0" tag="245"><subfield code="a">Sandy sentinel.</subfield></datafield><datafield ind1="1" ind2="7" tag="246"><subfield code="a">Green sheet</subfield></datafield><datafield ind1=" " ind2=" " tag="260"><subfield code="a">Sandy, Utah :</subfield><subfield code="b">P. Bernhard</subfield></datafield><datafield ind1=" " ind2=" " tag="300"><subfield code="a">v. :</subfield><subfield code="b">ill. ;</subfield><subfield code="c">58 cm.</subfield></datafield><datafield ind1=" " ind2=" " tag="310"><subfield code="a">Weekly</subfield></datafield><datafield ind1="1" ind2=" " tag="362"><subfield code="a">Began in 1984?</subfield></datafield><datafield ind1=" " ind2=" " tag="580"><subfield code="a">A "Green Sheet publication," published in Murray, Utah at the office of: Murray eagle, for distribution in Sandy, Utah.</subfield></datafield><datafield ind1=" " ind2=" " tag="588"><subfield code="a">Description based on: Vol. 1, no. 19 (Jan. 10, 1985).</subfield></datafield><datafield ind1=" " ind2=" " tag="752"><subfield code="a">United States</subfield><subfield code="b">Utah</subfield><subfield code="c">Salt Lake</subfield><subfield code="d">Sandy.</subfield></datafield><datafield ind1=" " ind2=" " tag="752"><subfield code="a">United States</subfield><subfield code="b">Utah</subfield><subfield code="c">Salt Lake</subfield><subfield code="d">Murray.</subfield></datafield><datafield ind1="1" ind2=" " tag="787"><subfield code="t">Murray eagle</subfield><subfield code="w">(DLC)sn 85058334</subfield><subfield code="w">(OCoLC)12902128</subfield></datafield></record>